@inproceedings{bernstein2012direct,
  title={Direct answers for search queries in the long tail},
  author={Bernstein, Michael S and Teevan, Jaime and Dumais, Susan and Liebling, Daniel and Horvitz, Eric},
  booktitle={Proceedings of the SIGCHI conference on human factors in computing systems},
  pages={237--246},
  year={2012},
  organization={ACM}
}

@inproceedings{overviewliveqa15,
  title={Overview of the TREC 2015 LiveQA Track},
  author={Agichtein, Eugene and Carmel, David and Harman, Donna and Pelleg, Dan and Pinter, Yuval},
  booktitle={Proceedings of TREC 2015},
  year={2015}
}

@inproceedings{franklin2011crowddb,
  title={CrowdDB: answering queries with crowdsourcing},
  author={Franklin, Michael J and Kossmann, Donald and Kraska, Tim and Ramesh, Sukriti and Xin, Reynold},
  booktitle={Proceedings of the 2011 ACM SIGMOD International Conference on Management of data},
  pages={61--72},
  year={2011},
  organization={ACM}
}

@inproceedings{Lasecki:2013:CCC:2501988.2502057,
 author = {Lasecki, Walter S. and Wesley, Rachel and Nichols, Jeffrey and Kulkarni, Anand and Allen, James F. and Bigham, Jeffrey P.},
 title = {Chorus: A Crowd-powered Conversational Assistant},
 booktitle = {Proceedings of the 26th Annual ACM Symposium on User Interface Software and Technology},
 series = {UIST '13},
 year = {2013},
 isbn = {978-1-4503-2268-3},
 location = {St. Andrews, Scotland, United Kingdom},
 pages = {151--162},
 numpages = {12},
 url = {http://doi.acm.org/10.1145/2501988.2502057},
 doi = {10.1145/2501988.2502057},
 acmid = {2502057},
 publisher = {ACM},
 address = {New York, NY, USA},
 keywords = {conversational assistants, crowd-powered systems, crowdsourcing, dialog systems, human computation},
} 


@inproceedings{demartini2013crowdq,
  title={CrowdQ: Crowdsourced Query Understanding.},
  author={Demartini, Gianluca and Trushkowsky, Beth and Kraska, Tim and Franklin, Michael J},
  booktitle={CIDR},
  year={2013}
}

@article{bernstein2015soylent,
  title={Soylent: a word processor with a crowd inside},
  author={Bernstein, Michael S and Little, Greg and Miller, Robert C and Hartmann, Bj{\"o}rn and Ackerman, Mark S and Karger, David R and Crowell, David and Panovich, Katrina},
  journal={Communications of the ACM},
  volume={58},
  number={8},
  pages={85--94},
  year={2015},
  publisher={ACM}
}

@inproceedings{aydin2014crowdsourcing,
  title={Crowdsourcing for Multiple-Choice Question Answering.},
  author={Aydin, Bahadir Ismail and Yilmaz, Yavuz Selim and Li, Yaliang and Li, Qi and Gao, Jing and Demirbas, Murat},
  booktitle={AAAI},
  pages={2946--2953},
  year={2014}
}

@inproceedings{liu2015real,
  title={Real-Time Community Question Answering: Exploring Content Recommendation and User Notification Strategies},
  author={Liu, Qiaoling and Jurczyk, Tomasz and Choi, Jinho and Agichtein, Eugene},
  booktitle={Proceedings of the 20th International Conference on Intelligent User Interfaces},
  pages={50--61},
  year={2015},
  organization={ACM}
}

@inproceedings{bernstein2011crowds,
	title={Crowds in two seconds: Enabling realtime crowd-powered interfaces},
	author={Bernstein, Michael S and Brandt, Joel and Miller, Robert C and Karger, David R},
	booktitle={Proceedings of the 24th annual ACM symposium on User interface software and technology},
	pages={33--42},
	year={2011},
	organization={ACM}
}

@article{Alonso:2008:CRE:1480506.1480508,
	author = {Alonso, Omar and Rose, Daniel E. and Stewart, Benjamin},
	title = {Crowdsourcing for Relevance Evaluation},
	journal = {SIGIR Forum},
	issue_date = {December 2008},
	volume = {42},
	number = {2},
	month = nov,
	year = {2008},
	issn = {0163-5840},
	pages = {9--15},
	numpages = {7},
	url = {http://doi.acm.org/10.1145/1480506.1480508},
	doi = {10.1145/1480506.1480508},
	acmid = {1480508},
	publisher = {ACM},
	address = {New York, NY, USA},
} 

@incollection{alonso2011design,
	title={Design and implementation of relevance assessments using crowdsourcing},
	author={Alonso, Omar and Baeza-Yates, Ricardo},
	booktitle={Advances in information retrieval},
	pages={153--164},
	year={2011},
	publisher={Springer}
}

@inproceedings{grady2010crowdsourcing,
	title={Crowdsourcing document relevance assessment with mechanical turk},
	author={Grady, Catherine and Lease, Matthew},
	booktitle={Proceedings of the NAACL HLT 2010 workshop on creating speech and language data with Amazon's mechanical turk},
	pages={172--179},
	year={2010},
	organization={Association for Computational Linguistics}
}

@inproceedings{Bessho:2012:DSU:2392800.2392841,
	author = {Bessho, Fumihiro and Harada, Tatsuya and Kuniyoshi, Yasuo},
	title = {Dialog System Using Real-time Crowdsourcing and Twitter Large-scale Corpus},
	booktitle = {Proceedings of SIGDIAL},
	year = {2012},
	location = {Seoul, South Korea},
	pages = {227--231},
	numpages = {5},
	url = {http://dl.acm.org/citation.cfm?id=2392800.2392841},
	acmid = {2392841},
	publisher = {Association for Computational Linguistics},
	address = {Stroudsburg, PA, USA},
} 

@incollection{braunstain2016supporting,
  title={Supporting Human Answers for Advice-Seeking Questions in CQA Sites},
  author={Braunstain, Liora and Kurland, Oren and Carmel, David and Szpektor, Idan and Shtok, Anna},
  booktitle={Advances in Information Retrieval},
  pages={129--141},
  year={2016},
  publisher={Springer}
}

@inproceedings{Kohlschutter_2010,
	author = {Kohlsch\"{u}tter, Christian and Fankhauser, Peter and Nejdl, Wolfgang},
	title = {Boilerplate Detection Using Shallow Text Features},
	booktitle = {Proceedings of the Third ACM International Conference on Web Search and Data Mining},
	series = {WSDM '10},
	year = {2010},
	isbn = {978-1-60558-889-6},
	location = {New York, New York, USA},
	pages = {441--450},
	numpages = {10},
	url = {http://doi.acm.org/10.1145/1718487.1718542},
	doi = {10.1145/1718487.1718542},
	acmid = {1718542},
	publisher = {ACM},
	address = {New York, NY, USA},
	keywords = {boilerplate removal, full-text extraction, template detection, text cleaning, web document modeling},
}

@article{burges2010ranknet,
  title={From RankNet to LambdaRank to LambdaMART: An Overview},
  author={Burges, Christopher JC},
  journal={Learning},
  volume={11},
  pages={23--581},
  year={2010}
}

@inproceedings{savenkov_crowdsourcing2016a,
  title={Crowdsourcing for (almost) Real-time Question Answering: Preliminary Results},
  author={Denis Savenkov and Scott Weitzner and Eugene Agichtein},
  booktitle={2016 NAACL Workshop on Human-Computer Question Answering},
  year={2016}
}

@article{surdeanu2011learning,
  title={Learning to rank answers to non-factoid questions from web collections},
  author={Surdeanu, Mihai and Ciaramita, Massimiliano and Zaragoza, Hugo},
  journal={Computational Linguistics},
  volume={37},
  number={2},
  pages={351--383},
  year={2011},
  publisher={MIT Press}
}

@article{he2006query,
  title={Query performance prediction},
  author={He, Ben and Ounis, Iadh},
  journal={Information Systems},
  volume={31},
  number={7},
  pages={585--594},
  year={2006},
  publisher={Elsevier}
}

@article{carmel2010estimating,
  title={Estimating the query difficulty for information retrieval},
  author={Carmel, David and Yom-Tov, Elad},
  journal={Synthesis Lectures on Information Concepts, Retrieval, and Services},
  volume={2},
  number={1},
  pages={1--89},
  year={2010},
  publisher={Morgan \& Claypool Publishers}
}

@article{savenkov_trecliveqa15,
  title={Ranking Answers and Web Passages for Non-factoid Question Answering: Emory University at TREC LiveQA},
  author={Savenkov, Denis},
  year={2015},
  booktitle={Proceedings of TREC 2015}
}

@inproceedings{bigham2010vizwiz,
  title={VizWiz: nearly real-time answers to visual questions},
  author={Bigham, Jeffrey P and Jayant, Chandrika and Ji, Hanjie and Little, Greg and Miller, Andrew and Miller, Robert C and Miller, Robin and Tatarowicz, Aubrey and White, Brandyn and White, Samual and others},
  booktitle={Proceedings of the 23nd annual ACM symposium on User interface software and technology},
  pages={333--342},
  year={2010}
}

@article{friedman2002stochastic,
  title={Stochastic gradient boosting},
  author={Friedman, Jerome H},
  journal={Computational Statistics \& Data Analysis},
  volume={38},
  number={4},
  pages={367--378},
  year={2002},
  publisher={Elsevier}
}

@article{lease2013crowdsourcing,
  title={Crowdsourcing for information retrieval: introduction to the special issue},
  author={Lease, Matthew and Yilmaz, Emine},
  journal={Information retrieval},
  volume={16},
  number={2},
  pages={91--100},
  year={2013},
  publisher={Springer}
}

@inproceedings{Bozzon:2012:ASQ:2187836.2187971,
 author = {Bozzon, Alessandro and Brambilla, Marco and Ceri, Stefano},
 title = {Answering Search Queries with CrowdSearcher},
 booktitle = {Proceedings of the 21st International Conference on World Wide Web},
 series = {WWW '12},
 year = {2012},
 isbn = {978-1-4503-1229-5},
 location = {Lyon, France},
 pages = {1009--1018},
 numpages = {10},
 url = {http://doi.acm.org/10.1145/2187836.2187971},
 doi = {10.1145/2187836.2187971},
 acmid = {2187971},
 publisher = {ACM},
 address = {New York, NY, USA},
 keywords = {crowd sourcing, exploratory search, information seeking, multi-domain search, search engine, search service, social network},
} 

@article{Whang:2013:QSC:2536336.2536337,
 author = {Whang, Steven Euijong and Lofgren, Peter and Garcia-Molina, Hector},
 title = {Question Selection for Crowd Entity Resolution},
 journal = {Proc. VLDB Endow.},
 issue_date = {April 2013},
 volume = {6},
 number = {6},
 month = apr,
 year = {2013},
 issn = {2150-8097},
 pages = {349--360},
 numpages = {12},
 url = {http://dx.doi.org/10.14778/2536336.2536337},
 doi = {10.14778/2536336.2536337},
 acmid = {2536337},
 publisher = {VLDB Endowment},
} 

@incollection{harris2013comparing,
  title={Comparing crowd-based, game-based, and machine-based approaches in initial query and query refinement tasks},
  author={Harris, Christopher G and Srinivasan, Padmini},
  booktitle={Advances in Information Retrieval},
  pages={495--506},
  year={2013},
  publisher={Springer}
}

@inproceedings{shtok2012learning,
  title={Learning from the past: answering new questions with past answers},
  author={Shtok, Anna and Dror, Gideon and Maarek, Yoelle and Szpektor, Idan},
  booktitle={Proceedings of the 21st international conference on World Wide Web},
  pages={759--768},
  year={2012},
  organization={ACM}
}

@article{moldovan2003performance,
	title={Performance issues and error analysis in an open-domain question answering system},
	author={Moldovan, Dan and Pa{\c{s}}ca, Marius and Harabagiu, Sanda and Surdeanu, Mihai},
	journal={ACM Transactions on Information Systems (TOIS)},
	volume={21},
	number={2},
	pages={133--154},
	year={2003},
	publisher={ACM}
}

@inproceedings{nichols2012asking,
	title={Asking questions of targeted strangers on social networks},
	author={Nichols, Jeffrey and Kang, Jeon-Hyung},
	booktitle={Proceedings of the ACM 2012 conference on Computer Supported Cooperative Work},
	pages={999--1002},
	year={2012},
	organization={ACM}
}

@inproceedings{nichols2013analyzing,
	title={Analyzing the quality of information solicited from targeted strangers on social media},
	author={Nichols, Jeffrey and Zhou, Michelle and Yang, Huahai and Kang, Jeon-Hyung and Sun, Xiao Hua},
	booktitle={Proceedings of the 2013 conference on Computer supported cooperative work},
	pages={967--976},
	year={2013},
	organization={ACM}
}

@inproceedings{mahmud2013recommending,
	title={Recommending targeted strangers from whom to solicit information on social media},
	author={Mahmud, Jalal and Zhou, Michelle X and Megiddo, Nimrod and Nichols, Jeffrey and Drews, Clemens},
	booktitle={Proceedings of the 2013 international conference on Intelligent user interfaces},
	pages={37--48},
	year={2013},
	organization={ACM}
}

@article{bernstein2012analytic,
	title={Analytic methods for optimizing realtime crowdsourcing},
	author={Bernstein, Michael S and Karger, David R and Miller, Robert C and Brandt, Joel},
	journal={arXiv preprint arXiv:1204.2995},
	year={2012}
}

@inproceedings{carmel2000eresponder,
  title={eResponder: Electronic question responder},
  author={Carmel, David and Shtalhaim, Menachem and Soffer, Aya},
  booktitle={International Conference on Cooperative Information Systems},
  pages={150--161},
  year={2000},
  organization={Springer}
}